
@article{cashdan1997human,
title={Book review of ``Human Nature: A Critical Reader''},
author={Cashdan, E and Rogers, AR},
journal={Evolution and Human Behavior},
volume={4},
number={18},
pages={279--283},
year={1997}
}

@article{rogers1997phylogenetic,
title={The phylogenetic approach to comparing human populations},
author={Rogers, Alan R and Cashdan, Elizabeth},
journal={Evolution and Human Behavior},
volume={5},
number={18},
pages={353--358},
year={1997}
}

@book{MuellerDombois1998vegetation,
address = {New York},
title = {Vegetation of the tropical {Pacific} islands},
publisher = {Springer},
author = {Mueller-Dombois, Dieter and Fosberg, F. Raymond},
year = {1998},
}


@article{Anderson2000hull,
title = {Null {Hypothesis} {Testing}: {Problems}, {Prevalence}, and an {Alternative}},
volume = {64},
doi = {10.2307/3803199},
number = {4},
journal = {The Journal of Wildlife Management},
author = {Anderson, David R. and Burnham, Kenneth P. and Thompson, William L.},
year = {2000},
pages = {912},
}


@article{RogersFeldmanEhrlich2009,
title = {Inferring population histories using cultural data},
volume = {276},
doi = {10.1098/rspb.2009.1088},
number = {1674},
journal = {Proceedings of the Royal Society B: Biological Sciences},
author = {Rogers, Deborah S. and Feldman, Marcus W. and Ehrlich, Paul R.},
year = {2009},
pages = {3835--3843},
}


@article{GrayBryantGreenhill2010,
title = {On the shape and fabric of human history},
volume = {365},
doi = {10.1098/rstb.2010.0162},
number = {1559},
journal = {Philosophical Transactions of the Royal Society B: Biological Sciences},
author = {Gray, Russell D. and Bryant, David and Greenhill, Simon J.},
year = {2010},
pages = {3923--3933},
}


@INCOLLECTION{Anderson2000:Slowboats,
author = {Anderson, Atholl},
title = {Slow boats from China: issues in the prehistory of Indo-Pacific seafaring},
booktitle = {East of Wallace's Line: Studies of Past and Present Maritime Cultures in the Indo-Pacific region},
publisher = {A.A. Balkema},
year = {2000},
editor = {O'Connor, Sue and Peter Veth},
}

@INCOLLECTION{Anderson2001:SharpEnd,
author = {Anderson, Atholl},
title = {Towards the sharp end: the form and performance of prehistoric Polynesian voyaging canoes},
booktitle = {Pacific 2000: proceedings of the fifth international conference on Easter Island and the Pacific},
publisher = {Easter Island Foundation},
year = {2001},
editor = {Stevenson, C.M., G. Lee and F.J. Morin},
}

@ARTICLE{Anderson2006motivation,
author = {Anderson, A.},
title = {Islands of Exile: Ideological Motivation in Maritime Migration},
journal = {The Journal of Island and Coastal Archaeology},
year = {2006},
volume = {1},
pages = {33-47},
number = {1}
}

@ARTICLE{Anderson2002:LandscapeChange,
author = {Anderson, Atholl},
title = {Faunal Collapse, Landscape Change and Settlement History in Remote Oceania},
journal = {World Archaeology},
year = {2002},
volume = {33},
pages = {375-390},
number = {3}
}

@ARTICLE{Anderson2006ENSO,
author = {Anderson, A. and Chappell, J. and Gagan, M. K. and Grove, R.},
title = {Prehistoric maritime migration in the Pacific islands: an hypothesis of ENSO forcing},
journal = {Holocene},
year = {2006},
volume = {16},
pages = {1-6},
number = {1},
}

@ARTICLE{Anderson2000,
author = {Anderson, David R. and Burnham, Kenneth P. and Thompson, William L.},
title = {Null Hypothesis Testing: Problems, Prevalence, and an Alternative},
journal = {The Journal of Wildlife Management},
year = {2000},
volume = {64},
pages = {912--923},
number = {4},
}

@ARTICLE{Avis2007discovery,
author = {Avis, Chris and Montenegro, Alvaro and Weaver, Andrew},
title = {The Discovery of Western Oceania: A New Perspective},
journal = {The Journal of Island and Coastal Archaeology},
year = {2007},
volume = {2},
pages = {197-209},
number = {2}
}

@INCOLLECTION{Banack1991ethnobotany,
author = {Banack, S.},
title = {Plants and Polynesian voyaging},
booktitle = {Islands, plants, and Polynesians : an introduction to Polynesian ethnobotany},
publisher = {Dioscorides Press},
year = {1991},
editor = {Banack, Paul Alan Cox and Sandra Anne},
address = {Portland, Or}
}

@BOOK{Barkow1992adaptedmind,
title = {The Adapted Mind: Evolutionary Psychology and the Generation of Culture},
publisher = {Oxford University Press},
year = {1992},
author = {Barkow, Jerome H. and Cosmides, Leda and Tooby, John}
}

@ARTICLE{Berger1988,
author = {Berger, James O. and Donald A. Berry},
title = {Statistical Analysis and the Illusion of Objectivity},
journal = {American Scientist},
year = {1988},
volume = {76},
}

@BOOK{Betzig1997humannature,
title = {Human Nature : A Critical Reader},
publisher = {Oxford University Press},
year = {1997},
author = {Betzig, Laura L.},
address = {New York},
}

@BOOK{Biggs2006,
title = {Kimihia te mea ngaro: Seek that which is lost},
publisher = {The Polynesian Society},
year = {2006},
author = {Biggs, Bruce},
address = {Auckland, N.Z.},
}

@BOOK{Bolker2008,
title = {Ecological Models and Data in R},
publisher = {Princeton University Press},
year = {2008},
author = {Bolker, Benjamin M.},
}

@BOOK{Boyd2005originculture,
title = {The origin and evolution of cultures},
publisher = {Oxford University Press},
year = {2005},
author = {Boyd, Robert and Richerson, Peter J.},
series = {Evolution and cognition},
address = {New York},
}

@BOOK{Burnham&Anderson:2002,
title = {Model Selection and Multi-Model Inference: A Practical Information-Theoretic Approach},
publisher = {Springer},
year = {2002},
author = {Burnham, KP and Anderson, DR}
}

@BOOK{Cavalli-Sforza&Feldman:1981book,
title = {Cultural transmission and evolution : a quantitative approach},
publisher = {Princeton University Press},
year = {1981},
author = {Cavalli-Sforza, L. L. and Feldman, Marcus W.},
series = {Monographs in population biology : 16},
address = {Princeton, N.J.},
}

@ARTICLE{Chen1982,
author = {Chen, Kuang and Cavalli-Sforza, L. and Feldman, M.},
title = {A study of cultural transmission in Taiwan},
journal = {Human Ecology},
year = {1982},
volume = {10},
pages = {365-382},
number = {3},
}

@ARTICLE{Cohen1994,
author = {Cohen, Jacob},
title = {The world is round (p<. 05)},
journal = {American Psychologist},
year = {1994},
volume = {49},
pages = {997-1003},
number = {12},
}

@ARTICLE{Collerson2007adze,
author = {Collerson, K. D. and Weisler, M. I.},
title = {Stone adze compositions and the extent of ancient Polynesian voyaging and trade},
journal = {Science},
year = {2007},
volume = {317},
pages = {1907-11},
number = {5846},
}

@ARTICLE{Conner2002stress,
author = {Connor, K. M. and Davidson, J. R. T. and Weisler, R. H. and Butterfield, M. I. and Casat, C. D.},
title = {Mirtazapine in posttraumatic stress disorder: Results of a placebo-controlled
trial},
journal = {European Neuropsychopharmacology},
year = {2002},
volume = {12},
pages = {S334-S335}
}

@ARTICLE{Davidson2002depressive,
author = {Davidson, J. R. T. and Gadde, K. M. and Fairbank, J. A. and Krishnan,
R. R. and Califf, R. M. and Binanay, C. and Parker, C. B. and Pugh,
N. and Hartwell, T. D. and Vitiello, B. and Ritz, L. and Severe,
J. and Cole, J. O. and de Battista, C. and Doraiswamy, P. M. and
Feighner, J. P. and Keck, P. and Kelsey, J. and Lin, K. M. and Londborg,
P. D. and Nemeroff, C. B. and Schatzberg, A. F. and Sheehan, D. V.
and Srivastava, R. K. and Taylor, L. and Trivedi, M. H. and Weisler,
R. H. and G, Hypericum Depression Trial Study},
title = {Effect of Hypericum perforatum (St John's wort) in major depressive
disorder - A randomized controlled trial},
journal = {Jama-Journal of the American Medical Association},
year = {2002},
volume = {287},
pages = {1807-1814},
number = {14},
}

@ARTICLE{DiPiazza2007virtualcanoes,
author = {Di Piazza, A. and Di Piazza, P. and Pearthree, E.},
title = {Sailing virtual canoes across Oceania: revisiting island accessibility},
journal = {Journal of Archaeological Science},
year = {2007},
volume = {34},
pages = {1219-1225},
number = {8},
}

@ARTICLE{Diamond2002domestication,
author = {Diamond, J.},
title = {Evolution, consequences and future of plant and animal domestication},
journal = {Nature},
year = {2002},
volume = {418},
pages = {700-7},
number = {6898},
}

@BOOK{Doran1981canoes,
title = {Wangka : Austronesian canoe origins},
publisher = {Texas A\&M University Press},
year = {1981},
author = {Doran, Edwin B.},
address = {College Station},
edition = {1st},
}

@BOOK{Edgerton1971,
title = {The individual in cultural adaptation; a study of four East African peoples},
publisher = {University of California Press},
year = {1971},
author = {Edgerton, Robert B.},
address = {Berkeley,},
}

@incollection{eerkens2017cultural,
  title={Cultural transmission, phylogenetics, and the archaeological record},
  author={Eerkens, Jelmer W and Bettinger, Robert L and McElreath, Richard},
  booktitle={Mapping Our Ancestors},
  pages={169--184},
  year={2017},
  publisher={Routledge}
}

@ARTICLE{Efferson&Richerson:2007prolegomenon,
author = {Efferson, Charles and Richerson, Peter},
title = {A prolegomenon to nonlinear empiricism in the human behavioral sciences},
journal = {Biology and Philosophy},
year = {2007},
volume = {22},
pages = {1-33},
number = {1},
}

@BOOK{Feinberg1988seafaring,
title = {Polynesian seafaring and navigation : ocean travel in Anutan culture and society},
publisher = {Kent State University Press},
year = {1988},
author = {Feinberg, Richard},
address = {Kent, Ohio},
}

@BOOK{Ferdon1987tonga,
title = {Early Tonga : as the explorers saw it 1616-1810},
publisher = {University of Arizona Press},
year = {1987},
author = {Ferdon, Edwin N.},
address = {Tucson},
}

@ARTICLE{Finney1994:HistoryPacific,
author = {Finney, B.},
title = {The Pacific Islands in World-History + the Other 1/3 of the Globe},
journal = {Journal of World History},
year = {1994},
volume = {5},
pages = {273-297},
number = {2}
}

@ARTICLE{Finney1994:PostnuclearTahiti,
author = {Finney, B.},
title = {Tahiti - Strategy for the Postnuclear Period},
journal = {Contemporary Pacific},
year = {1994},
volume = {6},
pages = {251-253},
number = {1}
}

@ARTICLE{Finney1993:PacificColonization,
author = {Finney, B.},
title = {Prehistoric Exploration and Colonization of the Pacific},
journal = {Journal of Pacific History},
year = {1993},
volume = {28},
pages = {282-283},
number = {2}
}

@BOOK{Finney1994:Rediscovery,
title = {Voyage of rediscovery : a cultural odyssey through Polynesia},
publisher = {University of California Press},
year = {1994},
author = {Finney, Ben R.},
address = {Berkeley},
}

@ARTICLE{Friedlaender2008:PacificGenetics,
author = {Friedlaender, J. S. and Friedlaender, F. R. and Reed, F. A. and Kidd, K. K. and Kidd, J. R. and Chambers, G. K. and Lea, R. A. and Loo, J. H. and Koki, G. and Hodgson, J. A. and Merriwether, D. A. and Weber, J. L.},
title = {The genetic structure of Pacific Islanders},
journal = {PLoS Genetics},
year = {2008},
volume = {4},
pages = {e19},
number = {1},
}

@BOOK{Gaddis2002,
title = {The Landscape of History: How Historians Map the Past},
publisher = {Oxford University Press},
year = {2002},
author = {Gaddis, John Lewis},
}

@BOOK{Gill2008,
title = {Bayesian Methods: A Social and Behavioral Sciences Approach},
publisher = {Chapman \& Hall/CRC},
year = {2008},
author = {Gill, Jeff},
edition = {2nd ed.},
}

@ARTICLE{Gray2009:Phylogenies,
author = {Gray, R.D and Drummond, A.J. and Greenhill, S.J.},
title = {Language Phylogenies Reveal Expansion Pulses and Pauses in Pacific Settlement},
journal = {Science},
year = {2009},
volume = {323}
}

@ARTICLE{Gray2000tree,
author = {Gray, Russell D. and Jordan, Fiona M.},
title = {Language trees support the express-train sequence of Austronesian expansion},
journal = {Nature},
year = {2000},
volume = {405},
pages = {1052-1055}
}

@INCOLLECTION{Greenhill2005:DispersalTrees,
author = {Greenhill, S and Gray, Russell D.},
title = {Testing dispersal hypotheses: Pacific settlement, phylogenetic trees and Austronesian languages},
booktitle = {The Evolution of Cultural Diversity: Phylogenetic Approaches},
publisher = {UCL Press},
year = {2005},
editor = {R. Mace, C. Holden, S. Shennan},
pages = {31-52},
address = {London}
}

@ARTICLE{Guglielmino1995,
author = {Guglielmino, C. R. and Viganotti, C. and Hewlett, B. and Cavalli-Sforza, L. L.},
title = {Cultural Variation in Africa: Role of Mechanisms of Transmission and Adaptation},
journal = {Proceedings of the National Academy of Sciences of the United States of America},
year = {1995},
volume = {92},
pages = {7585-7589},
number = {16}
}

@BOOK{HaddonHornell1936,
title = {Canoes of Oceania},
publisher = {Bernice P. Bishop Museum},
year = {1936},
author = {Haddon, Alfred C. and Hornell, James},
address = {Honolulu},
}

@BOOK{Harris1968,
title = {The rise of anthropological theory: a history of theories of culture},
publisher = {Routeledge and Kegan Paul Ltd},
year = {1968},
author = {Harris, Marvin},
}

@ARTICLE{Henrich2004:Tasmania,
author = {Henrich, Joseph},
title = {Demography and Cultural Evolution: How Adaptive Cultural Processes Can Produce Maladaptive Losses - The Tasmanian Case},
journal = {American Antiquity},
year = {2004},
volume = {69},
number = {2}
}

@ARTICLE{Henrich2008:misunderstandings,
author = {Henrich, J. and Boyd, R. and Richerson, P. J.},
title = {Five misunderstandings about cultural evolution},
journal = {Human Nature-an Interdisciplinary Biosocial Perspective},
year = {2008},
volume = {19},
pages = {119-137},
number = {2},
}

@BOOK{Hilborn1997,
title = {The ecological detective: confronting models with data},
publisher = {Princeton University Press},
year = {1997},
author = {Hilborn, Ray and Mangel, Marc},
}

@BOOK{Horridge1987:IndonesiaCanoes,
title = {Outrigger canoes of Bali and Madura, Indonesia},
publisher = {Bishop Museum Press},
year = {1987},
author = {Horridge, G. Adrian},
address = {Honolulu},
}

@ARTICLE{Hurles2003:settlement,
author = {Hurles, M. E. and Matisoo-Smith, E. and Gray, R. D. and Penny, D.},
title = {Untangling Oceanic settlement: the edge of the knowable},
journal = {Trends in Ecology \& Evolution},
year = {2003},
volume = {18},
pages = {531-540},
number = {10},
}

@BOOK{Irwin1992,
title = {The Prehistoric exploration and colonization of the Pacific},
publisher = {Cambridge University Press},
year = {1992},
author = {Irwin, Geoffrey},
address = {Cambridge},
}

@book{johnson2000evolution,
title={The evolution of human societies: from foraging group to agrarian state},
author={Johnson, Allen W and Earle, Timothy K},
year={2000},
publisher={Stanford University Press}
}

@ARTICLE{Johnson&Omland2004:modelselection,
author = {Johnson, Jerald B. and Omland, Kristian S.},
title = {Model selection in ecology and evolution},
journal = {Trends in Ecology \& Evolution},
year = {2004},
volume = {19},
pages = {101-108},
number = {2},
}

@ARTICLE{Kirch2007,
author = {Kirch, Patrick V.},
title = {Hawaii as a Model System for Human Ecodynamics},
journal = {American Anthropologist},
year = {2007},
volume = {109},
pages = {8-26},
number = {1},
}

@BOOK{Kirch2000:Road,
title = {On the road of the winds : an archaeological history of the Pacific
Islands before European contact},
publisher = {University of California Press},
year = {2000},
author = {Kirch, Patrick Vinton},
address = {Berkeley, Calif.},
}

@BOOK{Kirch1984evolution,
title = {The evolution of the Polynesian chiefdoms},
publisher = {Cambridge University Press},
year = {1984},
author = {Kirch, Patrick Vinton},
series = {New studies in archaeology},
address = {Cambridge},
}

@BOOK{KirchGreen2001,
title = {Hawaiki, ancestral Polynesia an essay in historical anthropology},
publisher = {Cambridge University Press},
year = {2001},
author = {Kirch, Patrick Vinton and Green, Roger Curtis},
address = {Cambridge ; New York},
}

@BOOK{LalandBrown2002sense,
title = {Sense and nonsense: Evolutionary perspectives on human behaviour},
publisher = {Oxford University Press},
year = {2002},
author = {Laland, Kevin N. and Brown, Gillian R.},
address = {New York}
}

@BOOK{Lewis1978:PacificNavigators,
title = {The voyaging stars : secrets of the Pacific island navigators},
publisher = {W. W. Norton},
year = {1978},
author = {Lewis, David},
address = {New York},
}

@BOOK{Leiber1994:FishingSociety,
title = {More than a living : fishing and the social order on a Polynesian
atoll},
publisher = {Westview Press},
year = {1994},
author = {Lieber, Michael D.},
address = {Boulder, Colo.}
}

@ARTICLE{MatisooSmith2004:PacificRatDNA,
author = {Matisoo-Smith, E. and Robins, J. H.},
title = {Origins and dispersals of Pacific peoples: Evidence from mtDNA phylogenies
of the Pacific rat},
journal = {Proceedings of the National Academy of Sciences of the United States
of America},
year = {2004},
volume = {101},
pages = {9167-9172},
number = {24},
}

@ARTICLE{McElreath2003:EthnicMarkers,
author = {McElreath, Richard and Boyd, Robert Boyd and Richerson, Peter J.},
title = {Shared Norms and the Evolution of Ethnic Markers},
journal = {Current Anthropology},
year = {2003},
volume = {44},
number = {1}
}

@ARTICLE{Mead1957:PolynesianLab,
author = {Mead, Margaret},
title = {Introduction to Polynesia as Laboratory for the Development of Models
in the Study of Cultural Evolution},
journal = {Journal of the Polynesian Society},
year = {1957},
volume = {66},
pages = {145}
}

@BOOK{MuellerVegetation,
title = {Vegetation of the tropical Pacific islands},
publisher = {Springer},
year = {1998},
author = {Mueller-Dombois, Dieter and Fosberg, F. Raymond},
address = {New York},
}

@ARTICLE{Mulder2006:Macroevolution,
author = {Mulder, M. B. and Nunn, C. L. and Towner, M. C.},
title = {Cultural macroevolution and the transmission of traits},
journal = {Evolutionary Anthropology},
year = {2006},
volume = {15},
pages = {52-64},
number = {2},
}

@BOOK{Nisbett1996,
title = {Culture of honor: the psychology of violence in the South},
publisher = {Westview Press},
year = {1996},
author = {Nisbett, Richard E. and Cohen, Dov},
series = {New directions in social psychology},
address = {Boulder, CO}
}

@INCOLLECTION{Pawley1994:CanoeTerms,
author = {Pawley, A. and M. Pawley},
title = {Early Austronesian terms for canoe parts and seafaring},
booktitle = {Austronesian terminologies: continuity and change},
publisher = {Dept. of Linguistics, Research School of Pacific and Asian Studies,
The Australian National University},
year = {1994},
editor = {Pawley, A. K. and M.D. Ross},
series = {Pacific Linguistics C-127},
pages = {329-61},
address = {Canberra, Australia}
}

@BOOK{Richerson2005,
title = {Not by Genes Alone: How Culture Transformed Human Evolution},
publisher = {University of Chicago Press},
year = {2005},
author = {Richerson, PJ and Boyd, R}
}

@ARTICLE{Rogers2008:Canoes,
author = {Rogers, D. S. and Ehrlich, P. R.},
title = {Natural selection and cultural rates of change},
journal = {Proceedings of the National Academy of Sciences of the United States
of America},
year = {2008},
volume = {105},
pages = {3416-3420},
number = {9},
}

@BOOK{Sahlins1985:History,
title = {Islands of history},
publisher = {University of Chicago Press},
year = {1985},
author = {Sahlins, Marshall David},
address = {Chicago},
}

@BOOK{Sahlins1976:critiqueSociobiology,
title = {The use and abuse of biology : an anthropological critique of sociobiology},
publisher = {University of Michigan Press},
year = {1976},
author = {Sahlins, Marshall David},
address = {Ann Arbor},
}

@ARTICLE{Skoyles2008:canoechange,
author = {Skoyles, John R.},
title = {Natural selection does not explain cultural rates of change},
journal = {Proceedings of the National Academy of Sciences of the United States
of America},
year = {2008},
volume = {105},
number = {22}
}

@ARTICLE{Soltis:1995group,
author = {Soltis, J. and Boyd, R. and Richerson, P. J.},
title = {Can Group-Functional Behaviors Evolve by Cultural-Group Selection
- an Empirical-Test},
journal = {Current Anthropology},
year = {1995},
volume = {36},
pages = {473-494},
number = {3},
}

@ARTICLE{Spiegelhalter2002,
author = {Spiegelhalter, David J. and Best, Nicola G. and Carlin, Bradley P.
and Linde, Angelika van der},
title = {Bayesian measures of model complexity and fit},
journal = {Journal Of The Royal Statistical Society Series B},
year = {2002},
volume = {64},
pages = {583-639},
number = {4},
}

@BOOK{Steward1955,
title = {Theory of Cultural Change: The Methodology of Multilinear Evolution},
publisher = {University of Illinois Press},
year = {1955},
author = {Steward, Julian H},
address = {Urbana}
}

@ARTICLE{Temkin2007:CulturePhylogenetics,
author = {Temkin, I. and Eldredge, N.},
title = {Phylogenetics and material cultural evolution},
journal = {Current Anthropology},
year = {2007},
volume = {48},
pages = {146-153},
number = {1},
}

@INCOLLECTION{Thomas2008:Lastpulse,
author = {Thomas, Tim},
title = {The long pause and the last pulse: Mapping East Polynesian colonisation},
booktitle = {Islands of Inquiry: Colonisation, seafaring and the archaeology of
maritime landscapes},
publisher = {ANU E press},
year = {2008},
editor = {Clark, Geoffry, Foss Leach and Sue O'Connor}
}

@ARTICLE{Towner2007,
author = {Towner, Mary C. and Luttbeg, Barney},
title = {Alternative statistical approaches to the use of data as evidence
for hypotheses in human behavioral ecology},
journal = {Evolutionary Anthropology: Issues, News, and Reviews},
year = {2007},
volume = {16},
pages = {107-118},
number = {3},
}

@ARTICLE{Vitousek2002,
author = {Vitousek, Peter M.},
title = {Oceanic islands as model systems for ecological studies},
journal = {Journal of Biogeography},
year = {2002},
volume = {29},
pages = {573-582},
}

@INCOLLECTION{Weisler2002:LongVoyagingCollapse,
author = {Weisler, M. I.},
title = {Centrality and the Collapse of Long Distance Voyaging in East Polynesia},
booktitle = {Geochemical evidence for long-distance exchange},
publisher = {Bergin and Garvey},
year = {2002},
editor = {Glascock, Michael D.},
series = {Scientific archaeology for the Third Millennium,1529-4439},
address = {Westport, Conn}
}

@ARTICLE{Weisler1998,
author = {Weisler, Marshall I.},
title = {Hard Evidence for Prehistoric Interaction in Polynesia},
journal = {Current Anthropology},
year = {1998},
volume = {39},
pages = {521-532},
number = {4}
}

@ARTICLE{Whyte2005:PolyHumanEvol,
author = {Whyte, A. L. H. and Marshall, S. J. and Chambers, G. K.},
title = {Human evolution in Polynesia},
journal = {Human Biology},
year = {2005},
volume = {77},
pages = {157-177},
number = {2},
}

@article{wimsatt2007reproducing,
  title={Reproducing entrenchments to scaffold culture: The central role of development in cultural evolution},
  author={Wimsatt, William C and Griesemer, James R},
  journal={Integrating evolution and development: From theory to practice},
  pages={227--323},
  year={2007}
}

@ARTICLE{WinterhalderSmith2000,
author = {Winterhalder, Bruce and Smith, Eric Alden},
title = {Analyzing adaptive strategies: Human behavioral ecology at twenty-five},
journal = {Evolutionary Anthropology: Issues, News, and Reviews},
year = {2000},
volume = {9},
pages = {51-72},
number = {2},
}

